<record><leader>00000cas a2200000 a 4500</leader><controlfield tag="001">10556854</controlfield><controlfield tag="008">840324c19689999nyuwr ne      0    0eng d</controlfield><datafield ind1=" " ind2=" " tag="010"><subfield code="a">sn 88074234 </subfield></datafield><datafield ind1=" " ind2=" " tag="040"><subfield code="a">VRR</subfield><subfield code="b">eng</subfield><subfield code="c">VRR</subfield><subfield code="d">NPX</subfield><subfield code="d">NYS</subfield><subfield code="d">OCL</subfield><subfield code="d">OCLCQ</subfield></datafield><datafield ind1=" " ind2=" " tag="042"><subfield code="a">msc</subfield></datafield><datafield ind1="0" ind2=" " tag="130"><subfield code="a">Courier-gazette (Newark, N.Y.)</subfield></datafield><datafield ind1="1" ind2="4" tag="245"><subfield code="a">The courier-gazette.</subfield></datafield><datafield ind1="3" ind2="0" tag="246"><subfield code="a">Sunday spectatator</subfield></datafield><datafield ind1=" " ind2=" " tag="260"><subfield code="a">Newark, N.Y. :</subfield><subfield code="b">Newark Courier-Gazette,</subfield><subfield code="c">1968-</subfield></datafield><datafield ind1=" " ind2=" " tag="300"><subfield code="a">v. :</subfield><subfield code="b">ill.</subfield></datafield><datafield ind1=" " ind2=" " tag="310"><subfield code="a">Weekly</subfield></datafield><datafield ind1="0" ind2=" " tag="362"><subfield code="a">111th year, no. 42 (Oct. 17, 1968)-</subfield></datafield><datafield ind1=" " ind2=" " tag="500"><subfield code="a">A Sunday ed. issued, &lt;Oct. 17, 1976-Apr. 2, 1978&gt;, with title: Sunday spectator.</subfield></datafield><datafield ind1=" " ind2="4" tag="651"><subfield code="a">Newark (N.Y.)</subfield><subfield code="v">Newspapers.</subfield></datafield><datafield ind1=" " ind2=" " tag="752"><subfield code="a">United States</subfield><subfield code="b">New York</subfield><subfield code="c">Wayne</subfield><subfield code="d">Newark.</subfield></datafield><datafield ind1="0" ind2="0" tag="780"><subfield code="t">Newark courier-gazette</subfield><subfield code="w">(DLC)sn 88074233</subfield><subfield code="w">(OCoLC)10556851</subfield></datafield><datafield ind1="1" ind2=" " tag="029"><subfield code="a">AU@</subfield><subfield code="b">000020503881</subfield></datafield></record>